@book{mosteller1977,
    author    = "F. Mosteller and J. W. Tukey",
    title     = "Data Analysis and Regression: A Second Course in Statistics",
    year      = "1977",
    publisher = "Addison-Wesley Pub Co",
    address   = "Reading, MA"
}

@book{polya1945,
    author    = "George PÃ³lya",
    title     = "How To Solve It: A New Aspect of Mathematical Method",
    year      = "1945",
    publisher = "Princeton University Press",
    address   = "Princeton, NJ"
}
